@article{aaai2015,
    author = {Jaimie Murdock and Colin Allen},
    title = {Visualization Techniques for Topic Model Checking},
    year = 2015,
    journal = {Proceedings of 29th Association for the Advancement of Artificial Intelligence (AAAI-15)},
    address = {Austin, Texas, USA}
}

@article{blei2003,
  author = "David M. Blei and Andrew Y. Ng and Michael I. Jordan",
  title = "Latent Dirichlet allocation",
  journal = "Journal of Machine Learning Research",
  year = "2003",
  volume = "3",
  number = "45",
  pages = "993-1022",
  month = "January",
  url = "http://jmlr.csail.mit.edu/papers/v3/blei03a.html"
}


@article{Blei2012,
 author = {Blei, David M.},
 title = {Probabilistic Topic Models},
 journal = {Communications of the ACM},
 issue_date = {April 2012},
 volume = {55},
 number = {4},
 month = apr,
 year = {2012},
 issn = {0001-0782},
 pages = {77--84},
 numpages = {8},
 url = {http://doi.acm.org/10.1145/2133806.2133826},
 doi = {10.1145/2133806.2133826},
 acmid = {2133826},
 publisher = {ACM},
 address = {New York, NY, USA},
} 

@inproceedings{Chaney2012,
  title={Visualizing Topic Models.},
  author={Chaney, Allison June-Barlow and Blei, David M},
  booktitle={International AAAI Conference on Social Media and Weblogs},
  year={2012}
}


@inproceedings{Chuang2012,
  title={Termite: Visualization techniques for assessing textual topic models},
  author={Chuang, Jason and Manning, Christopher D and Heer, Jeffrey},
  booktitle={Proceedings of the International Working Conference on Advanced Visual Interfaces},
  pages={74--77},
  year={2012},
  organization={ACM}
}

@article{Sievert2014,
    author = "Carson Sievert and Kenneth E. Shirley",
    title = "LDAvis: A method for visualizing and interpreting topics",
    year = 2014,
    journal = "Proceedings of the Workshop on Interactive Language Learning, Visualization, and Interfaces",
    publisher = "Association for Computational Linguistics",
    pages = "63--70",
    address = "Baltimore, Maryland, USA"
}

@article{Hughes2012,
  title={Quantitative patterns of stylistic influence in the evolution of literature},
  author={Hughes, James M and Foti, Nicholas J and Krakauer, David C and Rockmore, Daniel N},
  journal={Proceedings of the National Academy of Sciences},
  volume={109},
  number={20},
  pages={7682--7686},
  year={2012}
}

@Article{Jones2007,
  author = 	 {Jones, M. N. and Mewhort, D.J.K},
  title = 	 {Representing word meaning and order information in a composite holographic lexicon},
  journal = 	 {Psychological Review},
  year = 	 2007,
  volume = 	 114,
  pages = 	 {1--37}
}

@Article{Landauer1998,
  author = 	 {Landauer, T.K. and Foltz, P.W. and Laham, D.},
  title = 	 {Introduction to Latent Semantic Analysis},
  journal = 	 {Discourse Processes},
  year = 	 1998,
  volume = 	 25,
  pages = 	 {259--284}}

@article{deerwester1990,
  author = "Scott Deerwester and Susan T. Dumais and George W. Furnas and Thomas K. Landauer",
  title = "Indexing by Latent Semantic Analysis",
  journal = "Journal of the American Society for Information Science",
  year = "1990",
  volume = "41",
  number = "6",
  pages = "391-406"
}

@article{dumais2005,
  author = "Susan T. Dumais",
  title = "Latent semantic analysis",
  journal = "Annual Review of Information Science and Technology",
  year = "2005",
  volume = "38",
  number = "1",
  pages = "188-230"
}

@article{salton1975,
  author = "G. Salton and A. Wong and C. S. Yang",
  title = "A vector space model for automatic indexing",
  journal = "Communications of the ACM",
  year = "1975",
  volume = "18",
  number = "11",
  pages = "613-620"
}
